@inproceedings{yang2011fisher,
  title={Fisher discrimination dictionary learning for sparse representation},
  author={Yang, Meng and Zhang, D and Feng, Xiangchu},
  booktitle={Proceedings of IEEE International Conference on Computer Vision},
  pages={543--550},
  year={2011},
}

@inproceedings{shekhar2013generalized,
  title={Generalized domain-adaptive dictionaries},
  author={Shekhar, Sumit and Patel, Vishal M and Nguyen, Hien V and Chellappa, Rama},
  booktitle={Proceedings of IEEE Conference on Computer Vision and Pattern Recognition},
  pages={361--368},
  year={2013},
 }

@inproceedings{mairal2009online,
  title={Online dictionary learning for sparse coding},
  author={Mairal, Julien and Bach, Francis and Ponce, Jean and Sapiro, Guillermo},
  booktitle={Proceedings of the 26th International Conference on Machine Learning},
  pages={689--696},
  year={2009},
}

@inproceedings{huang2013coupled,
  title={Coupled dictionary and feature space learning with applications to cross-domain image synthesis and recognition},
  author={Huang, De-An and Wang, Yu-Chiang Frank},
  booktitle={Proceedings of IEEE International Conference on Computer Vision},
  pages={2496--2503},
  year={2013},
}

@inproceedings{rasiwasia2010new,
  title={A new approach to cross-modal multimedia retrieval},
  author={Rasiwasia, Nikhil and Costa Pereira, Jose and Coviello, Emanuele and Doyle, Gabriel and Lanckriet, Gert RG and Levy, Roger and Vasconcelos, Nuno},
  booktitle={Proceedings of the ACM International Conference on Multimedia},
  pages={251--260},
  year={2010},
}

@article{lowe2004distinctive,
  title={Distinctive image features from scale-invariant keypoints},
  author={Lowe, David G},
  journal={International Journal of Computer Vision},
  volume={60},
  number={2},
  pages={91--110},
  year={2004},
}

@article{fei2007learning,
  title={Learning generative visual models from few training examples: An incremental bayesian approach tested on 101 object categories},
  author={Fei-Fei, Li and Fergus, Rob and Perona, Pietro},
  journal={Computer Vision and Image Understanding},
  volume={106},
  number={1},
  pages={59--70},
  year={2007},
}

@inproceedings{chua2009nus,
  title={NUS-WIDE: a real-world web image database from National University of Singapore},
  author={Chua, Tat-Seng and Tang, Jinhui and Hong, Richang and Li, Haojie and Luo, Zhiping and Zheng, Yantao},
  booktitle={Proceedings of the ACM International Conference on Image and Video Retrieval},
  pages={48:1--48:9},
  year={2009},
}

@inproceedings{zhuang2013supervised,
  title={Supervised coupled dictionary learning with group structures for multi-modal retrieval},
  author={Zhuang, Yueting and Wang, Yan Fei and Wu, Fei and Zhang, Yin and Lu, Weiming},
  booktitle={Proceedings of the Twenty-seventh AAAI Conference on Artificial Intelligence},
  pages={1070--1076},
  year={2013},
}

@inproceedings{yang2010metaface,
  title={Metaface learning for sparse representation based face recognition},
  author={Yang, Meng and Zhang, Lei and Yang, Jian and Zhang, David},
  booktitle={Proceedings of IEEE International Conference on Image Processing},
  pages={1601--1604},
  year={2010},
}

@inproceedings{sharma2011bypassing,
  title={Bypassing synthesis: PLS for face recognition with pose, low-resolution and sketch},
  author={Sharma, Abhishek and Jacobs, David W},
  booktitle={IEEE Conference on Computer Vision and Pattern Recognition},
  pages={593--600},
  year={2011},
}

@article{hardoon2004canonical,
  title={Canonical correlation analysis: An overview with application to learning methods},
  author={Hardoon, David and Szedmak, Sandor and Shawe-Taylor, John},
  journal={Neural Computation},
  volume={16},
  number={12},
  pages={2639--2664},
  year={2004},
}

@article{tenenbaum2000separating,
  title={Separating style and content with bilinear models},
  author={Tenenbaum, Joshua B and Freeman, William T},
  journal={Neural Computation},
  volume={12},
  number={6},
  pages={1247--1283},
  year={2000},
}

@article{wu2012heterogeneous,
  title={The heterogeneous feature selection with structural sparsity for multimedia annotation and hashing: a survey},
  author={Wu, Fei and Han, Yahong and Liu, Xiang and Shao, Jian and Zhuang, Yueting and Zhang, Zhongfei},
  journal={Int. J. Multimed. Info. Retr.},
  volume={1},
  number={1},
  pages={3--15},
  year={2012},
}

@article{blei2003lda,
  title={Latent dirichlet allocation},
  author={Blei, David M. and Ng,  Andrew Y. and Jordan, Michael I.},
  journal={The Journal of Machine Learning Research},
  volume={3},
  pages={993--1022},
  year={2003},
}

@inproceedings{sharma2012generalized,
  title={Generalized multiview analysis: A discriminative latent space},
  author={Sharma, Abhishek and Kumar, Abhishek and Daume, H and Jacobs, David W},
  booktitle={IEEE Conference on Computer Vision and Pattern Recognition},
  pages={2160--2167},
  year={2012},
}

@inproceedings{wang2013crossmodalmatching,
  title={Learning coupled feature spaces for cross-modal matching},
  author={Wang, Kaiye and He, Ran and Wang, Wei and Wang, Liang and Tan, Tieniu},
  booktitle={IEEE Conference on Computer Vision and Pattern Recognition},
  pages={2088--2095},
  year={2013},
}

@inproceedings{xie2013semanticmodel,
  title={A semantic model for cross-modal and multi-modal retrieval},
  author={Xie, Liang and Pan, Peng and Lu, Yansheng},
  booktitle={Proceedings of IEEE Conference on Multimedia Retrieval},
  pages={175--182},
  year={2013},
}

@article{virtanen2012factorized,
  title={Factorized multi-modal topic model},
  author={Virtanen, Seppo and Jia, Yangqing and Klami, Arto and Darrell Trevor},
  journal={arXiv preprint arXiv: 1210.4920},
  year={2012},
}

@inproceedings{blei2003modeling,
  title={Modeling annotated data},
  author={Blei, David M. and Jordan, Michael I.},
  booktitle={Proceedings of the 26th Annual International ACM SIGIR Conference on Research and Development in Information Retrieval},
  pages={127--134},
  year={2003},
}

@inproceedings{putthividhy2010topic,
  title={Topic regression multi-modal latent dirichlet allocation for image annotation},
  author={Putthividhy, Duangmanee and Attias, Hagai T. and Nagarajan, Srikantan S.},
  booktitle={Proceedings of IEEE Conference on Computer Vision and Pattern Recognitionl},
  pages={3408--3415},
  year={2010},
}

@inproceedings{wang2012semicoupled,
  title={Semi-coupled dictionary learning with applications to image super-resolution and photo-sketch synthesis},
  author={Wang, Shenlong and Zhang, Lei and Liang, Yan and Pan, Quan},
  booktitle={Proceedings of IEEE Conference on Computer Vision and Pattern Recognitionl},
  pages={2216--2223},
  year={2012},
}

@article{wright2009robust,
  title={Robust face recognition via sparse representation},
  author={Wright, John and Yang, Allen Y and Ganesh, Arvind and Sastry, Shankar S and Ma, Yi},
  journal={Pattern Analysis and Machine Intelligence, IEEE Transactions on},
  volume={31},
  number={2},
  pages={210--227},
  year={2009},
  publisher={IEEE}
}

@inproceedings{mairal2009supervised,
  title={Supervised dictionary learning},
  author={Mairal, Julien and Ponce, Jean and Sapiro, Guillermo and Zisserman, Andrew and Bach, Francis R},
  booktitle={Advances in neural information processing systems},
  pages={1033--1040},
  year={2009}
}

@inproceedings{mairal2008discriminative,
  title={Discriminative learned dictionaries for local image analysis},
  author={Mairal, Julien and Bach, Francis and Ponce, Jean and Sapiro, Guillermo and Zisserman, Andrew},
  booktitle={Computer Vision and Pattern Recognition, 2008. CVPR 2008. IEEE Conference on},
  pages={1--8},
  year={2008},
  organization={IEEE}
}

@inproceedings{chen2012continuum,
  title={Continuum regression for cross-modal multimedia retrieval},
  author={Chen, Yongming and Wang, Liang and Wang, Wei and Zhang, Zhang},
  booktitle={Image Processing (ICIP), 2012 19th IEEE International Conference on},
  pages={1949--1952},
  year={2012},
  organization={IEEE}
}

@inproceedings{lee2006efficient,
  title={Efficient sparse coding algorithms},
  author={Lee, Honglak and Battle, Alexis and Raina, Rajat and Ng, Andrew Y},
  booktitle={Advances in neural information processing systems},
  pages={801--808},
  year={2006}
}

@article{rasiwasia2007bridging,
  title={Bridging the gap: Query by semantic example},
  author={Rasiwasia, Nikhil and Moreno, Pedro J and Vasconcelos, Nuno},
  journal={Multimedia, IEEE Transactions on},
  volume={9},
  number={5},
  pages={923--938},
  year={2007},
  publisher={IEEE}
}

@article{wu2014sparse,
  title={Sparse multi-modal hashing},
  author={Wu, Fei and Yu, Zhou and Yang, Yi and Tang, Siliang and Zhang, Yin and Zhuang, Yueting},
  journal={Multimedia, IEEE Transactions on},
  volume={16},
  number={2},
  pages={427--439},
  year={2014},
  publisher={IEEE}
}

@inproceedings{wang2013learning,
  title={Learning coupled feature spaces for cross-modal matching},
  author={Wang, Kaiye and He, Ran and Wang, Wei and Wang, Liang and Tan, Tieniu},
  booktitle={Computer Vision (ICCV), 2013 IEEE International Conference on},
  pages={2088--2095},
  year={2013},
  organization={IEEE}
}

@article{tibshirani1996regression,
  title={Regression shrinkage and selection via the lasso},
  author={Tibshirani, Robert},
  journal={Journal of the Royal Statistical Society. Series B (Methodological)},
  pages={267--288},
  year={1996},
  publisher={JSTOR}
}

@inproceedings{jia2010factorized,
  title={Factorized latent spaces with structured sparsity},
  author={Jia, Yangqing and Salzmann, Mathieu and Darrell, Trevor},
  booktitle={Advances in Neural Information Processing Systems},
  pages={982--990},
  year={2010}
}

@article{monaci2007learning,
  title={Learning multimodal dictionaries},
  author={Monaci, Gianluca and Jost, Philippe and Vandergheynst, Pierre and Mailhe, Boris and Lesage, Sylvain and Gribonval, R{\'e}mi},
  journal={Image Processing, IEEE Transactions on},
  volume={16},
  number={9},
  pages={2272--2283},
  year={2007},
  publisher={IEEE}
}

@inproceedings{deng2013visual,
  title={Visual reranking through weakly supervised multi-graph learning},
  author={Deng, Cheng and Ji, Rongrong and Liu, Wei and Tao, Dacheng and Gao, Xinbo},
  booktitle={Computer Vision (ICCV), 2013 IEEE International Conference on},
  pages={2600--2607},
  year={2013},
  organization={IEEE}
}

@article{deng2014weakly,
  title={Weakly Supervised Multi-Graph Learning for Robust Image Reranking},
  author={Deng, Cheng and Ji, Rongrong and Tao, Dacheng and Gao, Xinbo and Li, Xuelong},
  journal={Multimedia, IEEE Transactions on},
  volume={16},
  number={3},
  pages={785--795},
  year={2014},
  publisher={IEEE}
}

@inproceedings{baktashmotlagh2014domain,
  title={Domain Adaptation on the Statistical Manifold},
  author={Baktashmotlagh, Mahsa and Harandi, Mehrtash T and Lovell, Brian C and Salzmann, Mathieu},
  booktitle={Computer Vision and Pattern Recognition (CVPR), 2014 IEEE Conference on},
  pages={2481--2488},
  year={2014},
  organization={IEEE}
}

@inproceedings{liu2011cross,
  title={Cross-view action recognition via view knowledge transfer},
  author={Liu, Jingen and Shah, Mubarak and Kuipers, Benjamin and Savarese, Silvio},
  booktitle={Computer Vision and Pattern Recognition (CVPR), 2011 IEEE conference on},
  pages={3209--3216},
  year={2011},
  organization={IEEE}
}

@inproceedings{bajramovic2006comparison,
  title={A comparison of nearest neighbor search algorithms for generic object recognition},
  author={Bajramovic, Ferid and Mattern, Frank and Butko, Nicholas and Denzler, Joachim},
  booktitle={Advanced Concepts for Intelligent Vision Systems},
  pages={1186--1197},
  year={2006},
  organization={Springer}
}

@article{xiao2011efficient,
  title={Efficient similarity joins for near-duplicate detection},
  author={Xiao, Chuan and Wang, Wei and Lin, Xuemin and Yu, Jeffrey Xu and Wang, Guoren},
  journal={ACM Transactions on Database Systems (TODS)},
  volume={36},
  number={3},
  pages={15},
  year={2011},
  publisher={ACM}
}

@inproceedings{huiskes08,
 author = {Mark J. Huiskes, B. Thomee and Michael S. Lew},
 title = {New Trends and Ideas in Visual Concept Detection: The MIR Flickr Retrieval Evaluation Initiative},
 booktitle = {MIR '10: Proceedings of the 2010 ACM International Conference on Multimedia Information Retrieval},
 year = {2010},
 pages = {527--536},
 }

@article{dollar2014object,
  title={Fast feature pyramids for object detection},
  author={Doll{\'a}r, Piotr and Appel, Ron and Belongie, Serge and Perona, Pietro},
  journal={Pattern Analysis and Machine Intelligence, IEEE Transactions on},
  volume={36},
  number={8},
  pages={1532--1545},
  year={2014},
  publisher={IEEE}
}

@article{min2012nearduplicate,
  title={Near-duplicate video clip detection using model-free semantic concept detection and adaptive semantic distance measurement},
  author={Min, Hyun-seok and Choi, Jae Young and De Neve, Wesley and Ro, Yong Man},
  journal={Circuits and Systems for Video Technology, IEEE Transactions on},
  volume={22},
  number={8},
  pages={1174--1187},
  year={2012},
  publisher={IEEE}
}
